<?xml version = "1.0" encoding = "UTF-8"?><record>
  <leader>00617nam#a2200205#cc4500</leader>
  <controlfield tag="005">20210408202006.0</controlfield>
  <controlfield tag="007">tu</controlfield>
  <controlfield tag="008">060512|########sp############|||#|#spa#c</controlfield>
  <controlfield tag="003">DE-605</controlfield>
  <controlfield tag="001">990150512450206441</controlfield>
  <datafield tag="035" ind1=" " ind2=" ">
    <subfield code="a">(DE-605)TT001966831</subfield>
  </datafield>
  <datafield tag="040" ind1=" " ind2=" ">
    <subfield code="a">Kn 28</subfield>
    <subfield code="b">ger</subfield>
    <subfield code="c">Kn 28</subfield>
    <subfield code="e">rakwb</subfield>
  </datafield>
  <datafield tag="041" ind1=" " ind2=" ">
    <subfield code="a">spa</subfield>
  </datafield>
  <datafield tag="044" ind1=" " ind2=" ">
    <subfield code="c">XA-ES</subfield>
  </datafield>
  <datafield tag="245" ind1="0" ind2="0">
    <subfield code="a">Ecclesia</subfield>
    <subfield code="b">&#243;rgano de la Direcci&#243;n Central de la Acci&#243;n Cat&#243;lica Espa&#241;ola</subfield>
    <subfield code="n">59,2. 1999 = 2952/2977</subfield>
  </datafield>
  <datafield tag="264" ind1=" " ind2="1">
    <subfield code="a">Madrid</subfield>
  </datafield>
  <datafield tag="710" ind1="2" ind2=" ">
    <subfield code="a">Acci&#243;n Cat&#243;lica Espa&#241;ola</subfield>
    <subfield code="0">(DE-588)219515-X</subfield>
    <subfield code="4">oth</subfield>
    <subfield code="9">O:H</subfield>
    <subfield code="0">(uri) https://portal.dnb.de/opac.htm?method=simpleSearch&amp;cqlMode=true&amp;query=idn=002195151</subfield>
    <subfield code="0">(uri) http://viaf.org/viaf/sourceID/DNB|002195151</subfield>
    <subfield code="B">GND-002195151</subfield>
  </datafield>
  <datafield tag="773" ind1="0" ind2="8">
    <subfield code="w">(DE-605)HT006987933</subfield>
    <subfield code="q">59,2</subfield>
  </datafield>
  <datafield tag="964" ind1="0" ind2="s">
    <subfield code="F">030</subfield>
    <subfield code="A">a|1uc||||||||</subfield>
  </datafield>
  <datafield tag="964" ind1="0" ind2="s">
    <subfield code="F">050</subfield>
    <subfield code="A">a|a|||||||||||</subfield>
  </datafield>
  <datafield tag="MBD" ind1=" " ind2=" ">
    <subfield code="M">49HBZ_NETWORK</subfield>
    <subfield code="i">990150512450206441</subfield>
    <subfield code="n">HBZ Network</subfield>
  </datafield>
  <datafield tag="MNG" ind1=" " ind2=" ">
    <subfield code="c">System</subfield>
    <subfield code="f">ILS</subfield>
    <subfield code="i">marc21</subfield>
    <subfield code="k">01</subfield>
    <subfield code="e">false</subfield>
    <subfield code="d">2021-04-08 20:20:06 Europe/Berlin</subfield>
    <subfield code="g">015051245-HBZ01</subfield>
    <subfield code="j">60</subfield>
    <subfield code="a">import</subfield>
    <subfield code="b">2021-04-05 20:00:58 Europe/Berlin</subfield>
  </datafield>
  <datafield tag="GKT" ind1="2" ind2=" ">
    <subfield code="a">Katholische Aktion</subfield>
    <subfield code="A">GND</subfield>
    <subfield code="B">GND-002195151</subfield>
    <subfield code="C">410</subfield>
  </datafield>
  <datafield tag="GKT" ind1="2" ind2=" ">
    <subfield code="a">Accio&#769;n Cato&#769;lica Espan&#772;ola</subfield>
    <subfield code="4">nswd</subfield>
    <subfield code="4">http://d-nb.info/standards/elementset/gnd#variantName</subfield>
    <subfield code="w">r</subfield>
    <subfield code="i">Ehemalige Vorzugsbenennung SWD</subfield>
    <subfield code="e">Ehemalige Vorzugsbenennung SWD</subfield>
    <subfield code="A">GND</subfield>
    <subfield code="B">GND-002195151</subfield>
    <subfield code="C">410</subfield>
  </datafield>
  <datafield tag="GSI" ind1="7" ind2=" ">
    <subfield code="a">http://d-nb.info/gnd/219515-X</subfield>
    <subfield code="2">uri</subfield>
    <subfield code="A">GND</subfield>
    <subfield code="B">GND-002195151</subfield>
    <subfield code="C">024</subfield>
  </datafield>
</record>